<?xml version="1.0" encoding="UTF-8"?><collection xmlns="http://www.loc.gov/MARC21/slim"><record><leader>00434nam--2200133-i-4500</leader><controlfield tag="001">000031029</controlfield><controlfield tag="002">20161230</controlfield><controlfield tag="005">20161230201038</controlfield><controlfield tag="008">060222s1000------------r-----000-0-eng-d</controlfield><datafield ind1=" " ind2=" " tag="080"><subfield code="a">616:546.1.6</subfield></datafield><datafield ind1=" " ind2=" " tag="100"><subfield code="a">Lobjoie, Didier Paul</subfield></datafield><datafield ind1=" " ind2=" " tag="245"><subfield code="a">Etude biophysique des modifications de l`email dentaire provoquees par l`application locale et l`ingestion de fluor.these</subfield></datafield><datafield ind1=" " ind2=" " tag="260"><subfield code="a">Paris, Universite Rene Descartes, 1971. 56p</subfield></datafield><datafield ind1=" " ind2=" " tag="852"><subfield code="a">38979</subfield></datafield></record></collection>